<marcxml:record xmlns:xlink="http://www.w3.org/1999/xlink" xmlns:marcxml="http://www.loc.gov/MARC21/slim" xmlns:mets="http://www.loc.gov/METS/" xmlns:mxe="http://www.loc.gov/mxe" xmlns:rdf="http://www.w3.org/1999/02/22-rdf-syntax-ns#" xmlns:rdfs="http://www.w3.org/2000/01/rdf-schema#" xmlns:skos="http://www.w3.org/2004/02/skos/core#" xmlns:madsrdf="http://www.loc.gov/mads/rdf/v1#" xmlns:ri="http://id.loc.gov/ontologies/RecordInfo#" xmlns:sem="http://marklogic.com/semantics">
  <marcxml:leader>00749cz  a2200229n  4500</marcxml:leader>
  <marcxml:controlfield tag="001">nr89013885</marcxml:controlfield>
  <marcxml:controlfield tag="003">DLC</marcxml:controlfield>
  <marcxml:controlfield tag="005">20130609071635.0</marcxml:controlfield>
  <marcxml:controlfield tag="008">891013n| azannaabn          |a aaa     c</marcxml:controlfield>
  <marcxml:datafield tag="010" ind1=" " ind2=" ">
    <marcxml:subfield code="a">nr 89013885 </marcxml:subfield>
  </marcxml:datafield>
  <marcxml:datafield tag="035" ind1=" " ind2=" ">
    <marcxml:subfield code="a">(OCoLC)oca02617805</marcxml:subfield>
  </marcxml:datafield>
  <marcxml:datafield tag="040" ind1=" " ind2=" ">
    <marcxml:subfield code="a">NjP</marcxml:subfield>
    <marcxml:subfield code="b">eng</marcxml:subfield>
    <marcxml:subfield code="e">rda</marcxml:subfield>
    <marcxml:subfield code="c">NjP</marcxml:subfield>
    <marcxml:subfield code="d">DLC</marcxml:subfield>
    <marcxml:subfield code="d">UPB</marcxml:subfield>
  </marcxml:datafield>
  <marcxml:datafield tag="046" ind1=" " ind2=" ">
    <marcxml:subfield code="f">0030~</marcxml:subfield>
    <marcxml:subfield code="2">edtf</marcxml:subfield>
  </marcxml:datafield>
  <marcxml:datafield tag="046" ind1=" " ind2=" ">
    <marcxml:subfield code="g">0098</marcxml:subfield>
  </marcxml:datafield>
  <marcxml:datafield tag="100" ind1="0" ind2=" ">
    <marcxml:subfield code="a">Nerva,</marcxml:subfield>
    <marcxml:subfield code="c">Emperor of Rome,</marcxml:subfield>
    <marcxml:subfield code="d">approximately 30-98</marcxml:subfield>
  </marcxml:datafield>
  <marcxml:datafield tag="370" ind1=" " ind2=" ">
    <marcxml:subfield code="f">Rome</marcxml:subfield>
  </marcxml:datafield>
  <marcxml:datafield tag="374" ind1=" " ind2=" ">
    <marcxml:subfield code="a">Emperors</marcxml:subfield>
    <marcxml:subfield code="2">lcsh</marcxml:subfield>
  </marcxml:datafield>
  <marcxml:datafield tag="375" ind1=" " ind2=" ">
    <marcxml:subfield code="a">male</marcxml:subfield>
  </marcxml:datafield>
  <marcxml:datafield tag="400" ind1="0" ind2=" ">
    <marcxml:subfield code="a">Marcus Cocceius Nerva,</marcxml:subfield>
    <marcxml:subfield code="c">Emperor of Rome,</marcxml:subfield>
    <marcxml:subfield code="d">approximately 30-98</marcxml:subfield>
  </marcxml:datafield>
  <marcxml:datafield tag="400" ind1="0" ind2=" ">
    <marcxml:subfield code="w">nnea</marcxml:subfield>
    <marcxml:subfield code="a">Nerva,</marcxml:subfield>
    <marcxml:subfield code="c">Emperor of Rome,</marcxml:subfield>
    <marcxml:subfield code="d">ca. 30-98</marcxml:subfield>
  </marcxml:datafield>
  <marcxml:datafield tag="670" ind1=" " ind2=" ">
    <marcxml:subfield code="a">Domiziano/Nerva, c1987.</marcxml:subfield>
  </marcxml:datafield>
  <marcxml:datafield tag="670" ind1=" " ind2=" ">
    <marcxml:subfield code="a">Enc. Brit., 15th ed.</marcxml:subfield>
    <marcxml:subfield code="b">(Nerva, in full, Marcus Cocceius Nerva; b. ca. 30; d. 1/98; Roman emperor from 1/18/96-1/98)</marcxml:subfield>
  </marcxml:datafield>
</marcxml:record>
